<record><leader>03094cam a2200433 i 4500</leader><controlfield tag="001">6677751</controlfield><controlfield tag="003">FlBoTFG</controlfield><controlfield tag="005">20140910124938.0</controlfield><controlfield tag="006">m    ||  d |      </controlfield><controlfield tag="007">cr |||</controlfield><controlfield tag="008">140910t20152015fluad   ob    001 0 eng d</controlfield><datafield ind1=" " ind2=" " tag="020"><subfield code="a">9781482218343 (e-book : PDF)</subfield></datafield><datafield ind1=" " ind2=" " tag="035"><subfield code="a">ocn889309936</subfield></datafield><datafield ind1=" " ind2=" " tag="039"><subfield code="a">exclude</subfield></datafield><datafield ind1=" " ind2=" " tag="040"><subfield code="a">FlBoTFG</subfield><subfield code="b">eng</subfield><subfield code="c">FlBoTFG</subfield><subfield code="e">rda</subfield><subfield code="d">AEU</subfield></datafield><datafield ind1=" " ind2=" " tag="043"><subfield code="a">a-cc---</subfield></datafield><datafield ind1=" " ind2="4" tag="050"><subfield code="a">TX531</subfield><subfield code="b">.W968 2015</subfield></datafield><datafield ind1="0" ind2=" " tag="082"><subfield code="a">363.19260951</subfield><subfield code="b">W959</subfield></datafield><datafield ind1=" " ind2=" " tag="090"><subfield code="a">Internet Access</subfield><subfield code="b">AEU</subfield></datafield><datafield ind1="1" ind2=" " tag="100"><subfield code="a">Wu, Linhai.</subfield></datafield><datafield ind1="1" ind2="0" tag="245"><subfield code="a">Food safety in China :</subfield><subfield code="b">a comprehensive review /</subfield><subfield code="c">Linhai Wu, Dian Zhu.</subfield></datafield><datafield ind1=" " ind2="1" tag="264"><subfield code="a">Boca Raton :</subfield><subfield code="b">CRC Press,</subfield><subfield code="c">[2015]</subfield></datafield><datafield ind1=" " ind2="4" tag="264"><subfield code="c">&#169;2015</subfield></datafield><datafield ind1=" " ind2=" " tag="300"><subfield code="a">1 online resource :</subfield><subfield code="b">text file, PDF</subfield></datafield><datafield ind1=" " ind2=" " tag="336"><subfield code="a">text</subfield><subfield code="2">rdacontent</subfield></datafield><datafield ind1=" " ind2=" " tag="337"><subfield code="a">computer</subfield><subfield code="2">rdamedia</subfield></datafield><datafield ind1=" " ind2=" " tag="338"><subfield code="a">online resource</subfield><subfield code="2">rdacarrier</subfield></datafield><datafield ind1=" " ind2=" " tag="504"><subfield code="a">Includes bibliographical references (pages 315-328) and index.</subfield></datafield><datafield ind1="0" ind2=" " tag="505"><subfield code="a">1. Market Supply and Quality and Safety of Major Edible Agricultural Products -- 2. Food industry development and food quality in the production chain -- 3. Food safety supervision in circulation and food quality and safety -- 4. Quality and safety of import and export food -- 5. Food safety risk assessment and risk characteristic analysis at the macrolevel -- 6. Food safety evaluation and concerns of urban and rural residents -- 7. Evolutionary development of the Chinese food safety legal system -- 8. Evolution and reform of the Chinese food safety management system -- 9. Construction and development of a food safety standard system -- 10. Research report on food safety information disclosure -- 11. Food safety incidents of concern in 2011 in chinese mainland and a brief review -- 12. Research on agricultural production mode transformation: vegetable farmers' willingness to adopt biopesticides in Cangshan County, China -- 13. Main conclusions and research prospects.</subfield></datafield><datafield ind1=" " ind2=" " tag="506"><subfield code="a">Access restricted to authorized users and institutions.</subfield></datafield><datafield ind1=" " ind2=" " tag="520"><subfield code="a">"This book provides a comprehensive review of the efforts put forth by China to prevent food safety concerns, including the abuse of food additives. Looking at food producers and operators, consumers, and government agencies as part of an organic system, the book examines the complete system of the food supply chain from multi-scientific systematic points of view. It begins with the production of agricultural products and investigates the changing track of food safety (including imported and exported products) in the key aspects of production, circulation, and consumption between 2006 and 2011"--</subfield><subfield code="c">Provided by publisher.</subfield></datafield><datafield ind1=" " ind2=" " tag="596"><subfield code="a">44</subfield></datafield><datafield ind1=" " ind2="0" tag="650"><subfield code="a">Food adulteration and inspection</subfield><subfield code="z">China.</subfield></datafield><datafield ind1=" " ind2="0" tag="650"><subfield code="a">Food</subfield><subfield code="x">Safety measures</subfield><subfield code="x">Government policy</subfield><subfield code="z">China.</subfield></datafield><datafield ind1=" " ind2="0" tag="650"><subfield code="a">Food contamination</subfield><subfield code="z">China.</subfield></datafield><datafield ind1="1" ind2=" " tag="700"><subfield code="a">Zhu, Dian.</subfield></datafield><datafield ind1="4" ind2="0" tag="856"><subfield code="3">University of Alberta Access</subfield><subfield code="u">http://marc.crcnetbase.com/isbn/9781482218343</subfield><subfield code="z">(Unlimited Concurrent Users)</subfield></datafield><datafield ind1=" " ind2=" " tag="949"><subfield code="h">UAIN</subfield><subfield code="z">CRC</subfield></datafield><datafield ind1=" " ind2=" " tag="926"><subfield code="a">Internet Access</subfield><subfield code="w">LC</subfield><subfield code="c">1</subfield><subfield code="i">6677751-1001</subfield><subfield code="l">INTERNET</subfield><subfield code="m">UAINTERNET</subfield><subfield code="r">Y</subfield><subfield code="s">Y</subfield><subfield code="t">E-RESOURCE</subfield><subfield code="u">9/15/2014</subfield><subfield code="x">E-BOOK</subfield><subfield code="z">CRC</subfield></datafield></record>